Automatically generated by Mendeley Desktop 1.10.1
Any changes to this file will be lost if it is regenerated by Mendeley.

BibTeX export options can be customized via Options -> BibTeX in Mendeley Desktop

@book{Hohpe:2003:EIP:940308,
address = {Boston, MA, USA},
author = {Hohpe, Gregor and Woolf, Bobby},
file = {:F\:/Dropbox/Mendeley/Hohpe, Woolf/Unknown/Hohpe, Woolf - 2003 - Enterprise Integration Patterns Designing, Building, and Deploying Messaging Solutions.pdf:pdf},
isbn = {0321200683},
publisher = {Addison-Wesley Longman Publishing Co., Inc.},
title = {{Enterprise Integration Patterns: Designing, Building, and Deploying Messaging Solutions}},
year = {2003}
}
@article{jaklrest,
author = {Jakl, Michael},
file = {:F\:/Dropbox/Mendeley/Jakl/Unknown/Jakl - Unknown - Representational State Transfer.pdf:pdf},
title = {{Representational State Transfer}}
}
@article{Bojars2008a,
author = {Bojars, Uldis and Passant, Alexandre and Breslin, John G. and Decker, Stefan},
file = {:F\:/Dropbox/Mendeley/Bojars et al/Unknown/Bojars et al. - 2008 - Social Network and Data Portability using Semantic Web Technologies.pdf:pdf},
keywords = {Data Portability,FOAF,SIOC,Semantic Web,Social Media,Web 2.0},
number = {1},
pages = {5--19},
title = {{Social Network and Data Portability using Semantic Web Technologies}},
year = {2008}
}
@article{Grau2004,
author = {Grau, B C and Parsia, Bijan and Sirin, Evren},
file = {:F\:/Dropbox/Mendeley/Grau, Parsia, Sirin/The Semantic Web–ISWC 2004/Grau, Parsia, Sirin - 2004 - Working with multiple ontologies on the semantic web.pdf:pdf},
journal = {The Semantic Web–ISWC 2004},
pages = {1--15},
title = {{Working with multiple ontologies on the semantic web}},
url = {http://link.springer.com/chapter/10.1007/978-3-540-30475-3_43},
year = {2004}
}
@article{lenzerini2002data,
author = {Lenzerini, Maurizio},
file = {:F\:/Dropbox/Mendeley/Lenzerini/Proceedings of the twenty-first ACM SIGMOD-SIGACT-SIGART symposium on Principles of database systems/Lenzerini - 2002 - Data integration A theoretical perspective.pdf:pdf},
journal = {Proceedings of the twenty-first ACM SIGMOD-SIGACT-SIGART symposium on Principles of database systems},
pages = {233----246},
title = {{Data integration: A theoretical perspective}},
url = {http://dl.acm.org/citation.cfm?id=543644},
year = {2002}
}
@article{Wiki,
author = {Wiki, From Sioc},
file = {:F\:/Dropbox/Mendeley/Wiki/Unknown/Wiki - Unknown - OntologyRatingTermsSuggestion.pdf:pdf},
pages = {1--4},
title = {{Ontology/RatingTermsSuggestion}}
}
@misc{Berners-Lee2011,
author = {Berners-Lee, Tim},
howpublished = {\url{http://www.w3.org/DesignIssues/CloudStorage.html}, Zugriff: 2013-08-26},
title = {{Socially Aware Cloud Storage}},
year = {2011}
}
@article{Mika2005,
author = {Mika, Peter},
doi = {10.1016/j.websem.2005.05.006},
file = {:F\:/Dropbox/Mendeley/Mika/Web Semantics Science, Services and Agents on the World Wide Web/Mika - 2005 - Flink Semantic Web technology for the extraction and analysis of social networks.pdf:pdf},
issn = {15708268},
journal = {Web Semantics: Science, Services and Agents on the World Wide Web},
keywords = {ontology extraction,semantic web,social networks,social ontology},
month = oct,
number = {2-3},
pages = {211--223},
title = {{Flink: Semantic Web technology for the extraction and analysis of social networks}},
url = {http://linkinghub.elsevier.com/retrieve/pii/S1570826805000089},
volume = {3},
year = {2005}
}
@misc{instructure2013,
author = {Instructure},
howpublished = {\url{https://canvas.instructure.com/doc/api/index.html}: Zugriff: 2013-09-19},
title = {{Canvas LMS API Documentation}},
year = {2013}
}
@article{Liccardi2007,
author = {Liccardi, Ilaria and Ounnas, Asma and Pau, Reena and Massey, Elizabeth and Kinnunen, P\"{a}ivi and Lewthwaite, Sahra and Midy, Marie-Anne and Sarkar, Chandan},
file = {:F\:/Dropbox/Mendeley/Liccardi et al/ACM SIGCSE Bulletin/Liccardi et al. - 2007 - The role of social networks in students' learning experiences.pdf:pdf},
journal = {ACM SIGCSE Bulletin},
keywords = {Social network,computer science education,higher education,learning process,student experience},
pages = {224--237},
title = {{The role of social networks in students' learning experiences}},
url = {http://dl.acm.org/citation.cfm?id=1345442},
volume = {39},
year = {2007}
}
@article{Gruber1993,
author = {Gruber, Thomas R.},
file = {:F\:/Dropbox/Mendeley/Gruber/Knowledge acquisition/Gruber - 1993 - A translation approach to portable ontology specifications.pdf:pdf},
journal = {Knowledge acquisition},
number = {April},
pages = {199--220},
title = {{A translation approach to portable ontology specifications}},
url = {http://secs.ceas.uc.edu/$\sim$mazlack/ECE.716.Sp2011/Semantic.Web.Ontology.Papers/Gruber.93a.pdf},
volume = {5},
year = {1993}
}
@article{Gasevic,
author = {Ga\v{s}evi\'{c}, Dragan and Jovanovi\'{c}, Jelena and Deved\v{z}i\'{c}, Vladan and Bo\v{s}kovi\'{c}, Marko},
file = {:F\:/Dropbox/Mendeley/Ga\v{s}evi\'{c} et al/Unknown/Ga\v{s}evi\'{c} et al. - Unknown - Ontologies for Reusing Learning Object Content.pdf:pdf},
pages = {1--10},
title = {{Ontologies for Reusing Learning Object Content}}
}
@article{Bojars2007,
author = {Bojars, Uldis and Heitmann, Benjamin and Oren, Eyal},
file = {:F\:/Dropbox/Mendeley/Bojars, Heitmann, Oren/Unknown/Bojars, Heitmann, Oren - 2007 - A prototype to explore content and context on social community sites.pdf:pdf},
title = {{A prototype to explore content and context on social community sites}},
url = {http://ir.library.nuigalway.ie/xmlui/handle/10379/436},
year = {2007}
}
@misc{Berners-Lee2009,
author = {Berners-Lee, Tim},
howpublished = {\url{http://www.w3.org/DesignIssues/LinkedData.html}, Zugriff: 2013-09-17},
title = {{Linked Data}},
year = {2009}
}
@article{Hollenbach2009,
author = {Hollenbach, James and Presbrey, Joe and Berners-Lee, Tim},
file = {:F\:/Dropbox/Mendeley/Hollenbach, Presbrey, Berners-Lee/Proceedings of the Workshop on Collaborative Construction, Management and Linking of Structured Knowledge (CK2009)/Hollenbach, Presbrey, Berners-Lee - 2009 - Using RDF Metadata To Enable Access Co.pdf:pdf},
journal = {Proceedings of the Workshop on Collaborative Construction, Management and Linking of Structured Knowledge (CK2009)},
keywords = {access control,collaborative au-,foaf,metadata management,rdf,semantic web,social web,ssl,web},
title = {{Using RDF Metadata To Enable Access Control on the Social Semantic Web}},
url = {http://dig.csail.mit.edu/2009/Papers/ISWC/rdf-access-control/paper.pdf},
volume = {514},
year = {2009}
}
@misc{jms,
author = {Sun/Oracle},
howpublished = {\url{http://www.oracle.com/technetwork/java/jms/index.html}, Zugriff: 2013-09-15},
title = {{Java Message Service}}
}
@article{Burt2003,
author = {Burt, Ronald S.},
file = {:F\:/Dropbox/Mendeley/Burt/Unknown/Burt - 2003 - Social origins of good ideas.pdf:pdf},
title = {{Social origins of good ideas}},
url = {http://www.upcomillas.es/personal/rgimeno/doctorado/SOGI.pdf},
year = {2003}
}
@misc{Thomas2013,
author = {Thomas, Watkins},
howpublished = {\url{http://www.businessinsider.com/google-plus-is-outpacing-twitter-2013-5}, Zugriff: 2013-09-11},
title = {{Suddenly, Google Plus Is Outpacing Twitter To Become The World's Second Largest Social Network}},
year = {2013}
}
@article{Ankolekar2007,
author = {Ankolekar, Anupriya and Kr\"{o}tzsch, Markus and Tran, Thanh and Vrandecic, Denny},
doi = {10.1145/1242572.1242684},
file = {:F\:/Dropbox/Mendeley/Ankolekar et al/Web Semantics Science, Services and Agents on the World Wide Web/Ankolekar et al. - 2007 - The Two Cultures Mashing up Web 2.0 and the SemanticWeb.pdf:pdf},
institution = {Working Group Food Biotechnology},
isbn = {9781595936547},
issn = {14321076},
journal = {Web Semantics: Science, Services and Agents on the World Wide Web},
number = {1},
pages = {825--834},
pmid = {20686784},
publisher = {ACM Press},
series = {WWW '07},
title = {{The Two Cultures: Mashing up Web 2.0 and the SemanticWeb}},
url = {http://portal.acm.org/citation.cfm?id=1242572.1242684},
volume = {32},
year = {2007}
}
@article{Jovanovic2005,
author = {Jovanovic, Jelena and Gasevic, Dragan and Verbert, Katrien and Duval, Erik},
file = {:F\:/Dropbox/Mendeley/Jovanovic et al/Proceedings of the 12th International Conference on Artificial Intelligence in Education/Jovanovic et al. - 2005 - Ontology of learning object content structure.pdf:pdf},
journal = {Proceedings of the 12th International Conference on Artificial Intelligence in Education},
pages = {322--329},
title = {{Ontology of learning object content structure}},
url = {http://books.google.com/books?hl=en&lr=&id=bR1pKYNcHA4C&oi=fnd&pg=PA322&dq=Ontology+of+Learning+Object+Content+Structure&ots=Oz4WIDFpX6&sig=OPWMgGtq0uKiW2TfUKifej13LiI},
year = {2005}
}
@article{Finin2005,
author = {Finin, Tim and Ding, Li and Zhou, Lina and Joshi, Anupam},
doi = {10.1108/09696470510611384},
file = {:F\:/Dropbox/Mendeley/Finin et al/The Learning Organization/Finin et al. - 2005 - Social networking on the semantic web.pdf:pdf},
issn = {0969-6474},
journal = {The Learning Organization},
keywords = {information networks,internet,paper type research paper,social networks},
number = {5},
pages = {418--435},
title = {{Social networking on the semantic web}},
url = {http://www.emeraldinsight.com/10.1108/09696470510611384},
volume = {12},
year = {2005}
}
@article{Bizer2009,
author = {Bizer, Christian and Heath, Tom and Berners-Lee, Tim},
file = {:F\:/Dropbox/Mendeley/Bizer, Heath, Berners-Lee/International Journal on Semantic \ldots/Bizer, Heath, Berners-Lee - 2009 - Linked data-the story so far.pdf:pdf},
journal = {International Journal on Semantic \ldots},
keywords = {data exploration,data sharing,linked data,semantic web,web of data},
title = {{Linked data-the story so far}},
url = {http://www.igi-global.com/article/linked-data-story-far/37496},
year = {2009}
}
@article{Aroyo2003,
author = {Aroyo, Lora and Pokraev, Stanislav and Brussee, Rogier},
file = {:F\:/Dropbox/Mendeley/Aroyo, Pokraev, Brussee/On The Move to Meaningful Internet \ldots/Aroyo, Pokraev, Brussee - 2003 - Preparing SCORM for the semantic web.pdf:pdf},
journal = {On The Move to Meaningful Internet \ldots},
pages = {621--634},
title = {{Preparing SCORM for the semantic web}},
url = {http://www.springerlink.com/index/qen9yylkb8ggdat5.pdf},
year = {2003}
}
@article{Roberts2002,
author = {Roberts, Anthony},
file = {:F\:/Dropbox/Mendeley/Roberts/Canadian Journal of Learning and Technology/Roberts - 2002 - CanCore Metadata for Learning Objects.pdf:pdf},
journal = {Canadian Journal of Learning and Technology},
number = {3},
pages = {1--7},
title = {{CanCore: Metadata for Learning Objects}},
volume = {28},
year = {2002}
}
@article{Barkman2002,
author = {Barkman, Patricia and Brown, Debbie and Brusilovsky, Peter and Burke, J Richard and Fore, Mike and Hyde, Jack and Kegel, Ian and Melton, Bill and Nielsen, Boyd and Peoples, Bruce},
file = {:F\:/Dropbox/Mendeley/Barkman et al/IEEE 1484.12.1-2002/Barkman et al. - 2002 - Draft Standard for Learning Object Metadata.pdf:pdf},
journal = {IEEE 1484.12.1-2002},
pages = {1--44},
title = {{Draft Standard for Learning Object Metadata}},
year = {2002}
}
@misc{MarkAllenRestFB,
author = {Allen, Mark},
howpublished = {\url{http://restfb.com/}, Zugriff: 2013-09-20},
title = {{RestFB}}
}
@article{curbera2002unraveling,
author = {Curbera, Francisco and Duftler, Matthew and Khalaf, Rania and Nagy, William and Mukhi, Nirmal and Weerawarana, Sanjiva},
file = {:F\:/Dropbox/Mendeley/Curbera et al/Internet Computing, IEEE/Curbera et al. - 2002 - Unraveling the Web services web an introduction to SOAP, WSDL, and UDDI.pdf:pdf},
journal = {Internet Computing, IEEE},
number = {2},
pages = {86----93},
title = {{Unraveling the Web services web: an introduction to SOAP, WSDL, and UDDI}},
volume = {6},
year = {2002}
}
@article{Mohan2003,
author = {Mohan, Permanand and Brooks, Christopher},
file = {:F\:/Dropbox/Mendeley/Mohan, Brooks/Advanced Learning Technologies, 2003. Proceedings. The 3rd IEEE International Conference on/Mohan, Brooks - 2003 - Learning Objects on the Semantic Web.pdf:pdf},
isbn = {0769519679},
journal = {Advanced Learning Technologies, 2003. Proceedings. The 3rd IEEE International Conference on},
pages = {195--199},
title = {{Learning Objects on the Semantic Web}},
year = {2003}
}
@article{Reid2010,
author = {Reid, Richard and Pignotti, Edoardo and Edwards, Peter and Laing, Adele},
doi = {10.1145/1772690.1772903},
file = {:F\:/Dropbox/Mendeley/Reid et al/International World Wide Web Conference/Reid et al. - 2010 - ourSpaces linking provenance and social data in a virtual research environment.pdf:pdf},
isbn = {9781605587998},
journal = {International World Wide Web Conference},
pages = {1285--1288},
publisher = {ACM},
series = {WWW '10},
title = {{ourSpaces: linking provenance and social data in a virtual research environment}},
url = {http://portal.acm.org/citation.cfm?id=1772903},
year = {2010}
}
@article{Uschold1996a,
author = {Uschold, Mike and Gruninger, Michael},
file = {:F\:/Dropbox/Mendeley/Uschold, Gruninger/Knowledge engineering review/Uschold, Gruninger - 1996 - Ontologies Principles, methods and applications.pdf:pdf},
journal = {Knowledge engineering review},
number = {February},
title = {{Ontologies: Principles, methods and applications}},
url = {http://journals.cambridge.org/production/action/cjoGetFulltext?fulltextid=4071856},
year = {1996}
}
@article{Ziovas,
author = {Ziovas, Stefanos},
file = {:F\:/Dropbox/Mendeley/Ziovas/Unknown/Ziovas - Unknown - A Web-based Environment for Supporting Learning Communities in Distance Education–Use in Computer Science Education.pdf:pdf},
keywords = {collaborative filtering,communities of practice,learning communities,social navigation,social tagging},
title = {{A Web-based Environment for Supporting Learning Communities in Distance Education–Use in Computer Science Education}},
url = {http://cgi.di.uoa.gr/$\sim$phdsbook/files/Ziovas.pdf}
}
@article{Bojars2006,
author = {Bojars, Uldis and Breslin, John G. and Passant, Alexandre},
file = {:F\:/Dropbox/Mendeley/Bojars, Breslin, Passant/The 4th BlogTalk Conference/Bojars, Breslin, Passant - 2006 - SIOC Browser - Towards a richer blog browsing experience.pdf:pdf},
journal = {The 4th BlogTalk Conference},
title = {{SIOC Browser - Towards a richer blog browsing experience}},
url = {http://citeseerx.ist.psu.edu/viewdoc/download?doi=10.1.1.97.9854&rep=rep1&type=pdf},
year = {2006}
}
@misc{rfc6749,
author = {Hardt, D.},
howpublished = {\url{http://tools.ietf.org/html/rfc6749}, Zugriff: 2013-08-30},
title = {{The OAuth 2.0 Authorization Framework}},
year = {2012}
}
@article{Bosold,
author = {Bosold, Georg},
file = {:F\:/Dropbox/Mendeley/Bosold/Unknown/Bosold - Unknown - Lernobjekte Lernobjekt nach LTSC jede Einheit , digital oder nicht digital , die Lernen ,.pdf:pdf},
title = {{Lernobjekte Lernobjekt nach LTSC : jede Einheit , digital oder nicht digital , die Lernen ,}}
}
@misc{partelschneider2004,
author = {Patel-Schneider, Peter F. and Hayes, Patrick and Horrocks, Ian},
howpublished = {\url{http://www.w3.org/TR/owl-semantics/}, Zugriff: 2013-09-14},
title = {{OWL Web Ontology Language Semantics and Abstract Syntax}},
year = {2004}
}
@misc{FacebookGraphAPI,
author = {Facebook},
howpublished = {\url{https://developers.facebook.com/docs/reference/api}: Zugriff: 2013-09-20},
title = {{Graph API}}
}
@article{Harth2006,
author = {Harth, Andreas and Bojars, Uldis},
file = {:F\:/Dropbox/Mendeley/Harth, Bojars/International Journal of Web Based Communities/Harth, Bojars - 2006 - SIOC an approach to connect web-based communities.pdf:pdf},
journal = {International Journal of Web Based Communities},
keywords = {133,142,2,2006,a,an approach to connect,and bojars,breslin,communities,decker,follows,forums,g,harth,int,j,no,ontologies,pp,reference to this paper,s,semantic web,should be made as,sioc,u,vol,web based communities,web-based,weblogs},
pages = {133--142},
title = {{SIOC : an approach to connect web-based communities}},
volume = {2},
year = {2006}
}
@misc{Mitra2007,
author = {Mitra, Nilo and Lafon, Yves},
howpublished = {\url{http://www.w3.org/TR/2007/REC-soap12-part0-20070427/}, Zugriff: 2013-09-09},
title = {{SOAP Version 1.2}},
year = {2007}
}
@article{Breslin2005a,
author = {Breslin, John G. and Decker, Stefan and Harth, Andreas},
file = {:F\:/Dropbox/Mendeley/Breslin, Decker, Harth/Proceedings of IADIS International Conference Web Based Communities/Breslin, Decker, Harth - 2005 - An Approach to connect Web Based Communities.pdf:pdf},
journal = {Proceedings of IADIS International Conference Web Based Communities},
keywords = {forums,online communities,ontologies,semantic web},
pages = {272--275},
title = {{An Approach to connect Web Based Communities}},
url = {http://www.johnbreslin.org/files/publications/20050223_wbc_2005.pdf},
year = {2005}
}
@article{Davies2005,
author = {Davies, Jo and Graff, Martin},
file = {:F\:/Dropbox/Mendeley/Davies, Graff/British Journal of Educational Technology/Davies, Graff - 2005 - Performance in e-learning online participation and student grades.pdf:pdf},
journal = {British Journal of Educational Technology},
number = {4},
pages = {657--663},
title = {{Performance in e-learning: online participation and student grades}},
volume = {36},
year = {2005}
}
@article{berners2001semantic,
author = {Berners-Lee, Tim and Hendler, James and Lassila, Ora and Others},
file = {:F\:/Dropbox/Mendeley/Berners-Lee et al/Scientific american/Berners-Lee et al. - 2001 - The semantic web.pdf:pdf},
journal = {Scientific american},
number = {5},
pages = {28--37},
publisher = {New York, NY, USA:},
title = {{The semantic web}},
volume = {284},
year = {2001}
}
@book{Roman,
author = {Roman, Ed and Sriganesh, Rima Patel and Brose, Gerald},
edition = {3},
file = {:F\:/Dropbox/Mendeley/Roman, Sriganesh, Brose/Unknown/Roman, Sriganesh, Brose - Unknown - Mastering Enterprise JavaBeans Third Edition.pdf:pdf},
isbn = {0764576828},
keywords = {EJB,Java,JavaBeans,Servlets},
mendeley-tags = {EJB,Java,JavaBeans,Servlets},
title = {{Mastering Enterprise JavaBeans Third Edition}},
url = {http://media.techtarget.com/tss/static/books/wiley/masteringEJB/downloads/MasteringEJB3rdEd.pdf}
}
@article{Frodl2007,
author = {Frodl, Christine and Fischer, Thomas and Baker, Tom and R\"{u}hle, Stefanie},
file = {:F\:/Dropbox/Mendeley/Frodl et al/Unknown/Frodl et al. - 2007 - Deutsche \"{U}bersetzung des Dublin-Core-Metadaten-Elemente-Sets.pdf:pdf},
pages = {1--8},
title = {{Deutsche \"{U}bersetzung des Dublin-Core-Metadaten-Elemente-Sets}},
year = {2007}
}
@misc{FacebookinEducarion2010,
author = {{Facebook in Education} and Fontana, Anthony},
howpublished = {\url{https://www.facebook.com/notes/facebook-in-education/using-a-facebook-group-as-a-learning-management-system/10150244221815570}, Zugriff: 2013-09-14},
title = {{Using a Facebook Group As a Learning Management System}},
year = {2010}
}
@article{Kyzylkaya2007,
author = {Kyzylkaya, Gonca and Torun, Emel Dikbas and Askar, Petek},
doi = {10.1109/ICCSA.2007.76},
file = {:F\:/Dropbox/Mendeley/Kyzylkaya, Torun, Askar/2007 International Conference on Computational Science and its Applications (ICCSA 2007)/Kyzylkaya, Torun, Askar - 2007 - Restructuring E-learning With Ontologies.pdf:pdf},
isbn = {0-7695-2945-3},
journal = {2007 International Conference on Computational Science and its Applications (ICCSA 2007)},
month = aug,
pages = {161--164},
publisher = {Ieee},
title = {{Restructuring E-learning With Ontologies}},
url = {http://ieeexplore.ieee.org/lpdocs/epic03/wrapper.htm?arnumber=4301139},
year = {2007}
}
@misc{wiki:wacl,
howpublished = {\url{http://www.w3.org/wiki/WebAccessControl}, Zugriff: 2013-09-12},
title = {{WebAccessControl}}
}
@article{Kalyanpur2004,
author = {Kalyanpur, Aditya and Pastor, Daniel Jim\'{e}nez and Battle, Steve and Padget, Julian},
file = {:F\:/Dropbox/Mendeley/Kalyanpur et al/SEKE/Kalyanpur et al. - 2004 - Automatic mapping of OWL ontologies into Java.pdf:pdf},
journal = {SEKE},
pages = {98--103},
title = {{Automatic mapping of OWL ontologies into Java}},
url = {http://citeseerx.ist.psu.edu/viewdoc/download?doi=10.1.1.5.1857&rep=rep1&type=pdf},
volume = {4},
year = {2004}
}
@article{Denzler2008,
author = {Denzler, Christoph},
doi = {10.1145/1368088.1368202},
file = {:F\:/Dropbox/Mendeley/Denzler/Unknown/Denzler - 2008 - Design patterns.pdf:pdf},
isbn = {9781605580791},
pages = {801},
title = {{Design patterns}},
year = {2008}
}
@article{Bojars2008c,
author = {Bojars, Uldis and Passant, Alexandre and Breslin, John G.},
file = {:F\:/Dropbox/Mendeley/Bojars, Passant, Breslin/Unknown/Bojars, Passant, Breslin - 2008 - Data Portability with SIOC and FOAF.pdf:pdf},
keywords = {data portability,foaf,semantic web,sioc,social media,social networks,web 2.0},
pages = {1--9},
title = {{Data Portability with SIOC and FOAF}},
url = {http://vmserver14.nuigalway.ie/xmlui/handle/10379/439},
year = {2008}
}
@article{Harth2004,
author = {Harth, Andreas},
file = {:F\:/Dropbox/Mendeley/Harth/DERI Technical Report 2004-04-19/Harth - 2004 - SECO Mediation Services for Semantic Web Data.pdf:pdf},
journal = {DERI Technical Report 2004-04-19},
title = {{SECO : Mediation Services for Semantic Web Data}},
year = {2004}
}
@misc{Manola2004,
author = {Manola, Frank and Miller, Eric},
howpublished = {\url{http://www.w3.org/TR/rdf-primer/}, Zugriff: 2013-08-19},
title = {{RDF Primer}},
year = {2004}
}
@article{Hausenblas2009,
author = {Hausenblas, Michael},
file = {:F\:/Dropbox/Mendeley/Hausenblas/Internet Computing, IEEE/Hausenblas - 2009 - Exploiting linked data to build web applications.pdf:pdf},
journal = {Internet Computing, IEEE},
number = {4},
pages = {68--73},
title = {{Exploiting linked data to build web applications}},
url = {http://ieeexplore.ieee.org/xpls/abs_all.jsp?arnumber=5167270},
volume = {13},
year = {2009}
}
@article{Tosh2004,
author = {Tosh, David and Werdmuller, Ben},
file = {:F\:/Dropbox/Mendeley/Tosh, Werdmuller/Retrieved July/Tosh, Werdmuller - 2004 - Creation of a learning landscape weblogging and social networking in the context of e-portfolios.pdf:pdf},
journal = {Retrieved July},
keywords = {e-portfolio,engagement,learner-centric,social networking,weblog},
pages = {1--8},
title = {{Creation of a learning landscape: weblogging and social networking in the context of e-portfolios}},
volume = {16},
year = {2004}
}
@inproceedings{wache2001ontology,
author = {Wache, Holger and Voegele, Thomas and Visser, Ubbo and Stuckenschmidt, Heiner and Schuster, Gerhard and Neumann, Holger and H\"{u}bner, Sebastian},
booktitle = {IJCAI-01 workshop: ontologies and information sharing},
file = {:F\:/Dropbox/Mendeley/Wache et al/IJCAI-01 workshop ontologies and information sharing/Wache et al. - 2001 - Ontology-based integration of information-a survey of existing approaches.pdf:pdf},
pages = {108--117},
title = {{Ontology-based integration of information-a survey of existing approaches}},
url = {http://citeseerx.ist.psu.edu/viewdoc/download?doi=10.1.1.142.4390&rep=rep1&type=pdf},
year = {2001}
}
@article{Downes2005,
author = {Downes, Stephen},
journal = {eLearn Magazine},
title = {{E-learning 2.0}},
year = {2005}
}
@article{Wuttke2004,
author = {Wuttke, HD and Bosold, Georg},
file = {:F\:/Dropbox/Mendeley/Wuttke, Bosold/LearnTec/Wuttke, Bosold - 2004 - Mehrfach verwendbare Lernobjekte mit SCORM.pdf:pdf},
journal = {LearnTec},
title = {{Mehrfach verwendbare Lernobjekte mit SCORM}},
url = {http://www.bildungsportal-thringen.de/portals/bpt2005/sorted_docs/publikationen/04_03_learntec-scorm.pdf},
year = {2004}
}
@misc{Zuckerberg2010,
author = {Zuckerberg, Mark},
howpublished = {\url{https://blog.facebook.com/blog.php?post=434691727130}, Zugriff: 2013-09-11},
title = {{Giving You More Control}},
year = {2010}
}
@article{Qu2002,
author = {Qu, Changtao and Nejdl, Wolfgang},
file = {:F\:/Dropbox/Mendeley/Qu, Nejdl/Proc. of the 2nd IEEE International Conference on Advanced Learning Technologies (IEEE ICALT 2002), Kazan, Tatarstan, Russia/Qu, Nejdl - 2002 - Towards interoperability and reusability of learning resources A SCORM-confo.pdf:pdf},
journal = {Proc. of the 2nd IEEE International Conference on Advanced Learning Technologies (IEEE ICALT 2002), Kazan, Tatarstan, Russia},
keywords = {Content Packaging,Learning Management System,Learning Resource,Meta-data,SCORM Run-Time Environment,Sharable Content Object Reference Model},
title = {{Towards interoperability and reusability of learning resources: A SCORM-conformant courseware for computer science education}},
url = {http://www.kbs.uni-hannover.de/Arbeiten/Publikationen/2001/Qu_ITCSE.pdf},
year = {2002}
}
@article{Horridge2009,
author = {Horridge, Matthew},
file = {:F\:/Dropbox/Mendeley/Horridge/The University of Manchester/Horridge - 2009 - A Practical Guide To Building OWL Ontologies Using Prot\'{e}g\'{e} 4 and CO-ODE Tools Edition1. 2.pdf:pdf},
journal = {The University of Manchester},
title = {{A Practical Guide To Building OWL Ontologies Using Prot\'{e}g\'{e} 4 and CO-ODE Tools Edition1. 2}},
url = {http://www.macs.hw.ac.uk/$\sim$ab/restricted/WI-2010/ProtegeOWLTutorial-p4.0.pdf},
year = {2009}
}
@article{Idehen2008,
author = {Idehen, Kingsley and Erling, Orri},
file = {:F\:/Dropbox/Mendeley/Idehen, Erling/Linked Data on the Web (LDOW 2008), Beijing, \ldots/Idehen, Erling - 2008 - Linked data spaces and data portability.pdf:pdf},
journal = {Linked Data on the Web (LDOW 2008), Beijing, \ldots},
keywords = {Data Integration,Data Spaces,Design,Languages,Linked Data,Management,Performance,SPARQL,Semantic Web,Standardization,Theory},
mendeley-tags = {Design,Languages,Management,Performance,Standardization,Theory},
title = {{Linked data spaces and data portability}},
url = {http://www.ra.ethz.ch/cdstore/www2008/events.linkeddata.org/ldow2008/papers/20-idehen-erling-linked-data-spaces.pdf},
year = {2008}
}
@article{Fontana2009,
author = {Fontana, Anthony},
file = {:F\:/Dropbox/Mendeley/Fontana/FOUNDATIONS IN ART THEORY AND EDUCATION, FATE IN REVIEW/Fontana - 2009 - The Multichronic Classroom Creating an Engaging Environment for All Students.pdf:pdf},
journal = {FOUNDATIONS IN ART: THEORY AND EDUCATION, FATE IN REVIEW},
pages = {13----18},
title = {{The Multichronic Classroom : Creating an Engaging Environment for All Students}},
volume = {30},
year = {2009}
}
@article{Broekstra2002,
author = {Broekstra, Jeen and Kampman, Arjohn and van Harmelen, Frank},
file = {:F\:/Dropbox/Mendeley/Broekstra, Kampman, van Harmelen/The Semantic Web—ISWC \ldots/Broekstra, Kampman, van Harmelen - 2002 - Sesame A generic architecture for storing and querying rdf and rdf schema.pdf:pdf},
journal = {The Semantic Web—ISWC \ldots},
title = {{Sesame: A generic architecture for storing and querying rdf and rdf schema}},
url = {http://link.springer.com/chapter/10.1007/3-540-48005-6_7},
year = {2002}
}
@article{Berners-Lee2001,
author = {Berners-Lee, Tim and Hendler, James and Lassila, Ora},
doi = {doi:10.1038/scientificamerican0501-34},
file = {:F\:/Dropbox/Mendeley/Berners-Lee/Scientific American/Berners-Lee - 2001 - The semantic web.pdf:pdf;:F\:/Dropbox/Mendeley/Berners-Lee, Hendler, Lassila/Scientific American/Berners-Lee, Hendler, Lassila - 2001 - The semantic web.pdf:pdf},
journal = {Scientific American},
keywords = {ontologies,rdf,semantic,web},
mendeley-tags = {ontologies,rdf,semantic,web},
month = may,
number = {5},
pages = {34--43},
title = {{The semantic web}},
url = {http://www.scientificamerican.com/article.cfm?id=the-semantic-web},
volume = {284},
year = {2001}
}
@misc{Heinzen,
author = {Heinzen, Hans-Werner},
howpublished = {\url{http://www.bitloeffel.de/DOC/2003/N3-Primer-20030415-de.html}, Zugriff: 2013-08-19},
title = {{Primer: Getting into RDF \& Semantic Web using N3 Deutsche \"{U}bersetzung}}
}
@article{Longo,
author = {Longo, Cristiano and Sciuto, Lorenzo},
file = {:F\:/Dropbox/Mendeley/Longo, Sciuto/Unknown/Longo, Sciuto - Unknown - A Lightweight Ontology for Rating Assessments.pdf:pdf},
title = {{A Lightweight Ontology for Rating Assessments}}
}
@article{Uschold1996,
author = {Uschold, Mike},
file = {:F\:/Dropbox/Mendeley/Uschold/TECHNICAL REPORT-UNIVERSITY OF EDINBURGH \ldots/Uschold - 1996 - Building ontologies Towards a unified methodology.pdf:pdf},
journal = {TECHNICAL REPORT-UNIVERSITY OF EDINBURGH \ldots},
number = {September},
title = {{Building ontologies: Towards a unified methodology}},
url = {http://www.aiai.ed.ac.uk/project/pub/documents/1996/96-es96-unified-method.pdf},
year = {1996}
}
@misc{YTCreators2013,
author = {{YT Creators}},
howpublished = {\url{http://youtubecreator.blogspot.de/2013/08/so-long-video-responsesnext-up-better.html}: Zugriff: 2013-09-29},
title = {{So long, video responses... Next up: better ways to connect}},
year = {2013}
}
@book{Hitzler2008a,
author = {Hitzler, Pascal and Kr\"{o}tzsch, Arkus and Rudolph, Sebastian and Sure, York},
edition = {2008},
isbn = {9783540339939},
publisher = {Springer},
title = {{Semantic Web: Grundlagen}},
year = {2008}
}
@article{Parisay2012,
author = {Parisay, Mohsen},
file = {:F\:/Dropbox/Mendeley/Parisay/Unknown/Parisay - 2012 - Learning Portal Management System with Social Networks Integration.pdf:pdf},
title = {{Learning Portal Management System with Social Networks Integration}},
year = {2012}
}
@misc{Facebook2013,
author = {Facebook},
howpublished = {\url{http://newsroom.fb.com/Key-Facts}, Zugriff: 2013-09-11},
title = {{Key Facts}},
year = {2013}
}
@article{Staab2005,
author = {Staab, Steffen and Domingos, Pedro and Mika, Peter and Golbeck, Jennifer and Finin, Tim and Joshi, Anupam and Ding, Li and Nowak, Andrej and Vallacher, Robin R.},
doi = {10.1109/MIS.2005.16},
file = {:F\:/Dropbox/Mendeley/Staab et al/IEEE Intelligent Systems/Staab et al. - 2005 - Social Networks Applied.pdf:pdf},
issn = {1541-1672},
journal = {IEEE Intelligent Systems},
month = jan,
number = {1},
pages = {80--93},
title = {{Social Networks Applied}},
url = {http://ieeexplore.ieee.org/lpdocs/epic03/wrapper.htm?arnumber=1392679},
volume = {20},
year = {2005}
}
@inproceedings{Huang:2009:EPF:1516241.1516267,
address = {New York, NY, USA},
author = {Huang, Iwen},
booktitle = {Proceedings of the 3rd International Conference on Ubiquitous Information Management and Communication},
doi = {10.1145/1516241.1516267},
file = {:F\:/Dropbox/Mendeley/Huang/Proceedings of the 3rd International Conference on Ubiquitous Information Management and Communication/Huang - 2009 - The effects of personality factors on participation in online learning.pdf:pdf},
isbn = {978-1-60558-405-8},
keywords = {Keirsey temperament sorter (KTS),Myers Briggs type indicator,online asynchronous discussion,online learning,participation},
pages = {150--156},
publisher = {ACM},
series = {ICUIMC '09},
title = {{The effects of personality factors on participation in online learning}},
url = {http://doi.acm.org/10.1145/1516241.1516267},
year = {2009}
}
@article{Bojars2008,
annote = {Beschreibt eine M\"{o}glichkeit zum Verbinden von einzelnen Web 2.0 Communities mittels SIOC (Types).
        
* Aufz\"{a}hlen von schw\"{a}chen mittels Microformats  
* Problem mit gleicher Identit\"{a}t auf verschiedenen Seiten
* Erweiterung der SIOC Ontologie
      },
author = {Bojars, Uldis and Breslin, John G. and Finn, A and Decker, Stefan},
doi = {10.1016/j.websem.2007.11.010},
file = {:F\:/Dropbox/Mendeley/Bojars et al/Web Semantics Science Services and Agents on the World Wide Web/Bojars et al. - 2008 - Using the Semantic Web for linking and reusing data across Web 2.0 communities.pdf:pdf},
issn = {15708268},
journal = {Web Semantics Science Services and Agents on the World Wide Web},
keywords = {rdf,semantic web,sioc,social software,web 2.0},
number = {1},
pages = {21--28},
publisher = {Elsevier},
title = {{Using the Semantic Web for linking and reusing data across Web 2.0 communities}},
url = {http://linkinghub.elsevier.com/retrieve/pii/S157082680700056X},
volume = {6},
year = {2008}
}
@article{Mika2007,
author = {Mika, Peter},
doi = {10.1016/j.websem.2006.11.002},
file = {:F\:/Dropbox/Mendeley/Mika/Web Semantics Science, Services and Agents on the World Wide Web/Mika - 2007 - Ontologies are us A unified model of social networks and semantics.pdf:pdf},
issn = {15708268},
journal = {Web Semantics: Science, Services and Agents on the World Wide Web},
month = mar,
number = {1},
pages = {5--15},
title = {{Ontologies are us: A unified model of social networks and semantics}},
url = {http://linkinghub.elsevier.com/retrieve/pii/S1570826806000552},
volume = {5},
year = {2007}
}
@misc{DavidBeckett,
author = {Beckett, David and Berners-Lee, Tim},
howpublished = {\url{http://www.w3.org/TeamSubmission/turtle/}, Zugriff: 2013-09-13},
title = {{Turtle - Terse RDF Triple Language}},
year = {2011}
}
@article{Giannakidou2009,
author = {Giannakidou, Eirini and Vakali, Athena},
file = {:F\:/Dropbox/Mendeley/Giannakidou, Vakali/Department of Informatics, \ldots/Giannakidou, Vakali - 2009 - Integrating Web 2.0 Data into Linked Open Data Cloud via Clustering.pdf:pdf},
journal = {Department of Informatics, \ldots},
keywords = {0,clustering,linked data,tagging,web 2},
title = {{Integrating Web 2.0 Data into Linked Open Data Cloud via Clustering}},
url = {http://linkeddata.future-internet.eu/images/f/ff/Integrating_Web_2.0_Data_into_Linked_Open_Data_Cloud_via_Clustering.pdf},
year = {2009}
}
@article{Prieto2011,
author = {Prieto, Luis Pablo and Asensio-P\'{e}rez, Juan Ignacio and Dimitriadis, Yannis and G\'{o}mez-S\'{a}nchez, Eduardo and Mũnoz-Crist\'{o}bal, Juan Alberto},
file = {:F\:/Dropbox/Mendeley/Prieto et al/\ldots ubiquitous learning/Prieto et al. - 2011 - GLUE!-PS a multi-language architecture and data model to deploy TEL designs to multiple learning environments.pdf:pdf},
journal = {\ldots ubiquitous learning},
keywords = {deployment,instantiation,learning design,learning envi-},
pages = {285--298},
title = {{GLUE!-PS: a multi-language architecture and data model to deploy TEL designs to multiple learning environments}},
url = {http://link.springer.com/chapter/10.1007/978-3-642-23985-4_23},
year = {2011}
}
@article{BJET:BJET780,
author = {Palmer, Stuart and Holt, Dale and Bray, Sharyn},
doi = {10.1111/j.1467-8535.2007.00780.x},
issn = {1467-8535},
journal = {British Journal of Educational Technology},
number = {5},
pages = {847--858},
publisher = {Blackwell Publishing Ltd},
title = {{Does the discussion help? The impact of a formally assessed online discussion on final student results}},
url = {http://dx.doi.org/10.1111/j.1467-8535.2007.00780.x},
volume = {39},
year = {2008}
}
@misc{deri2013,
author = {{Digital Enterprise Research Institute}},
howpublished = {\url{http://sioc-project.org/}, Zugriff: 2013-08-15},
title = {{SIOC - Semantically-Interlinked Online Communities}},
urldate = {2013-08-15}
}
@misc{ApacheCamel,
author = {{Apache Software Foundation}},
howpublished = {\url{http://camel.apache.org}, Zugriff: 2013-09-15},
title = {{Apache Camel}}
}
@misc{youtube2013statistics,
author = {Youtube},
howpublished = {\url{http://www.youtube.com/yt/press/de/statistics.html}, Zugriff: 2013-09-10},
title = {{Statistik}}
}
@article{McCown2009,
author = {McCown, Frank and Nelson, Michael L.},
file = {:F\:/Dropbox/Mendeley/McCown, Nelson/Proceedings of the 2009 joint international conference on Digital libraries JCDL 09 (2009)/McCown, Nelson - 2009 - What happens when facebook is gone.pdf:pdf},
isbn = {9781605583228},
journal = {Proceedings of the 2009 joint international conference on Digital libraries JCDL 09 (2009)},
keywords = {digital preservation,personal archiving,social networks},
pages = {251--254},
title = {{What happens when facebook is gone}},
url = {http://www.cs.odu.edu/$\sim$mln/pubs/jcdl09/archiving-facebook-jcdl2009.pdf},
year = {2009}
}
@article{Breslin2005,
author = {Breslin, John G. and Harth, Andreas and Bojars, Uldis and Decker, Stefan},
file = {:F\:/Dropbox/Mendeley/Breslin et al/The Semantic Web Research and Applications/Breslin et al. - 2005 - Towards semantically-interlinked online communities.pdf:pdf},
journal = {The Semantic Web: Research and Applications},
pages = {71--83},
title = {{Towards semantically-interlinked online communities}},
url = {http://www.springerlink.com/index/ycw4ta75qjngnat8.pdf},
year = {2005}
}
@book{leser2006informationsintegration,
author = {Leser, Ulf and Naumann, Felix},
publisher = {dpunkt-Verlag Heidelberg},
title = {{Informationsintegration}},
year = {2006}
}
@article{Wang2012,
author = {Wang, Qiyun and Woo, Huay Lit and Quek, Choon Lang and Yang, Yuqin and Liu, Mei},
doi = {10.1111/j.1467-8535.2011.01195.x},
file = {:F\:/Dropbox/Mendeley/Wang et al/British Journal of Educational Technology/Wang et al. - 2012 - Using the Facebook group as a learning management system An exploratory study.pdf:pdf},
issn = {00071013},
journal = {British Journal of Educational Technology},
month = may,
number = {3},
pages = {428--438},
title = {{Using the Facebook group as a learning management system: An exploratory study}},
url = {http://doi.wiley.com/10.1111/j.1467-8535.2011.01195.x},
volume = {43},
year = {2012}
}
@article{Fernandez2007,
author = {Fern\'{a}ndez, Sergio and Berrueta, Diego and Labra, Jose E.},
file = {:F\:/Dropbox/Mendeley/Fern\'{a}ndez, Berrueta, Labra/SAW/Fern\'{a}ndez, Berrueta, Labra - 2007 - Mailing Lists Meet the Semantic Web.pdf:pdf},
journal = {SAW},
keywords = {mailing list,rdf,semantic web,sioc},
number = {Klyne 2004},
title = {{Mailing Lists Meet the Semantic Web.}},
url = {http://swaml.berlios.de/files/doc/papers/mailing-lists-meet-the-semantic-web.pdf},
year = {2007}
}
@article{Alario-hoyos2012,
author = {Alario-hoyos, Carlos and Bote-lorenzo, Miguel Luis and G\'{o}mez-s\'{a}nchez, Eduardo and Asensio-p\'{e}rez, Juan Ignacio and Vega-gorgojo, Guillermo and Ruiz-calleja, Adolfo},
doi = {10.1007/978-3-642-33263-0_29},
file = {:F\:/Dropbox/Mendeley/Alario-hoyos et al/Unknown/Alario-hoyos et al. - 2012 - Integration of External Tools in VLEs with the GLUE ! Architecture A Case Study.pdf:pdf},
isbn = {4300002010},
journal = {21st Century Learning for 21st Century Skills},
keywords = {collaboration,external tools,glue,integration,vles},
pages = {371--376},
title = {{Integration of External Tools in VLEs with the GLUE! Architecture: A Case Study}},
url = {http://dx.doi.org/10.1007/978-3-642-33263-0_29},
volume = {7563},
year = {2012}
}
@article{Becker2002,
author = {Becker, Hans J\"{u}rgen and Hengel, Christel and Neuroth, Heike and Wei\ss, Berthold and Wessel, Carola},
file = {:F\:/Dropbox/Mendeley/Becker et al/Bibliotheksdienst/Becker et al. - 2002 - Die Virtuelle Fachbibliothek als Schnittstelle f\"{u}r eine fach\"{u}bergreifende Suche in den einzelnen Virtuellen Fachb.pdf:pdf},
journal = {Bibliotheksdienst},
number = {2001},
pages = {35--51},
title = {{Die Virtuelle Fachbibliothek als Schnittstelle f\"{u}r eine fach\"{u}bergreifende Suche in den einzelnen Virtuellen Fachbibliotheken: Definition eines Metadaten-}},
url = {http://cat.inist.fr/?aModele=afficheN&cpsidt=13517975},
volume = {35},
year = {2002}
}
@article{Baker2000,
author = {Baker, Thomas},
file = {:F\:/Dropbox/Mendeley/Baker/D-lib magazine/Baker - 2000 - A grammar of Dublin Core.pdf:pdf},
journal = {D-lib magazine},
pages = {47--60},
title = {{A grammar of Dublin Core}},
url = {http://www.agi-imc.de/internet.nsf/0/4858ed9b8029d0c1c125699f002d6197/$FILE/A Grammar of Dublin Core @ .pdf},
volume = {6},
year = {2000}
}
@article{Bojars2008b,
author = {Bojars, Uldis and Breslin, John G. and Peristeras, Vassilios and Tummarello, Giovanni and Decker, Stefan},
file = {:F\:/Dropbox/Mendeley/Bojars et al/Intelligent Systems, IEEE/Bojars et al. - 2008 - Interlinking the social web with semantics.pdf:pdf},
journal = {Intelligent Systems, IEEE},
pages = {29--40},
title = {{Interlinking the social web with semantics}},
url = {http://ieeexplore.ieee.org/xpls/abs_all.jsp?arnumber=4525140},
volume = {23},
year = {2008}
}
@article{Bojars2011,
author = {Bojars, Uldis and Breslin, John G. and Decker, Stefan},
doi = {10.1007/978-3-642-16581-8_12},
file = {:F\:/Dropbox/Mendeley/Bojars, Breslin, Decker/Recent Trends and Developments in Social Software/Bojars, Breslin, Decker - 2011 - Porting social media contributions with SIOC.pdf:pdf},
journal = {Recent Trends and Developments in Social Software},
pages = {116--122},
title = {{Porting social media contributions with SIOC}},
url = {http://link.springer.com/chapter/10.1007/978-3-642-16581-8_12},
volume = {6045},
year = {2011}
}
@article{Schroder2003a,
author = {Schr\"{o}der, Andrea},
file = {:F\:/Dropbox/Mendeley/Schr\"{o}der/XML & Web Services Magazin/Schr\"{o}der - 2003 - Web der Zukunft.pdf:pdf},
journal = {XML \& Web Services Magazin},
pages = {40----43},
title = {{Web der Zukunft}},
year = {2003}
}
@article{Ziovas2008,
author = {Ziovas, Stefanos and Grigoriadou, Maria},
doi = {10.1109/ICALT.2008.160},
file = {:F\:/Dropbox/Mendeley/Ziovas, Grigoriadou/2008 Eighth IEEE International Conference on Advanced Learning Technologies/Ziovas, Grigoriadou - 2008 - Knowledge Sharing within and across Communities The CRICOS System.pdf:pdf},
isbn = {978-0-7695-3167-0},
journal = {2008 Eighth IEEE International Conference on Advanced Learning Technologies},
pages = {562--563},
publisher = {Ieee},
title = {{Knowledge Sharing within and across Communities: The CRICOS System}},
url = {http://ieeexplore.ieee.org/lpdocs/epic03/wrapper.htm?arnumber=4561766},
year = {2008}
}
@phdthesis{fielding2000architectural,
author = {Fielding, Roy Thomas},
file = {:F\:/Dropbox/Mendeley/Fielding/Unknown/Fielding - 2000 - Architectural styles and the design of network-based software architectures.pdf:pdf},
school = {University of California},
title = {{Architectural styles and the design of network-based software architectures}},
year = {2000}
}
@article{Jeremic2011,
author = {Jeremic, Zoran and Jovanovic, Jelena and Gasevic, Dragan},
doi = {10.3233/SW-2012-0058},
file = {:F\:/Dropbox/Mendeley/Jeremic, Jovanovic, Gasevic/Semantic Web Journal/Jeremic, Jovanovic, Gasevic - 2011 - Personal Learning Environments on the Social Semantic Web.pdf:pdf},
journal = {Semantic Web Journal},
keywords = {collaborative learning,linked data,ontologies,project based learning,semantic web,social tools},
title = {{Personal Learning Environments on the Social Semantic Web}},
url = {http://www.semantic-web-journal.net/content/personal-learning-environments-social-semantic-web},
year = {2011}
}
@misc{Schwenzel2013,
author = {Schwenzel, Felix and Lobo, Sascha},
howpublished = {\url{http://reclaim.fm/}, Zugriff: 2013-08-14},
title = {{Reclaim Social}},
urldate = {2013-08-14}
}
@article{Alario-Hoyos2012,
author = {Alario-Hoyos, Carlos and G\'{o}mez-S\'{a}nchez, Eduardo and Bote-Lorenzo, Miguel Luis and {Asensio-P\'{e}rez, Juan Ignacio Vega-Gorgojo}, Guillermo and Ruiz-Calleja, Adolfo},
file = {:F\:/Dropbox/Mendeley/Alario-Hoyos et al/21st Century Learning \ldots/Alario-Hoyos et al. - 2012 - Demonstration of the Integration of External Tools in VLEs with the GLUE! Architecture.pdf:pdf},
isbn = {4300002010},
journal = {21st Century Learning \ldots},
pages = {465--470},
title = {{Demonstration of the Integration of External Tools in VLEs with the GLUE! Architecture}},
url = {http://link.springer.com/chapter/10.1007/978-3-642-33263-0_44},
year = {2012}
}
@article{Barrit1999,
author = {Barrit, Chuck and Lewis, Deborah and Wieseler, Wayne},
file = {:F\:/Dropbox/Mendeley/Barrit, Lewis, Wieseler/See also httpwww. cisco. com/Barrit, Lewis, Wieseler - 1999 - Cisco systems reusable information object strategy version 3.0.pdf:pdf},
journal = {See also: http://www. cisco. com},
title = {{Cisco systems reusable information object strategy version 3.0}},
url = {http://scholar.google.com/scholar?hl=en&btnG=Search&q=intitle:Cisco+Systems+Reusable+Information+Object+Strategy#0},
year = {1999}
}
@misc{Brickley,
author = {Brickley, Dan and Guha, R.V.},
howpublished = {\url{http://www.w3.org/TR/rdf-schema/}, Zugriff: 2013-09-14},
title = {{RDF Vocabulary Description Language 1.0: RDF Schema}},
year = {2004}
}
@article{cruz2005role,
author = {Cruz, Isabel F and Xiao, Huiyong},
file = {:F\:/Dropbox/Mendeley/Cruz, Xiao/Engineering intelligent systems for electrical engineering and communications/Cruz, Xiao - 2005 - The Role of Ontologies in Data Integration.pdf:pdf},
journal = {Engineering intelligent systems for electrical engineering and communications},
number = {4},
title = {{The Role of Ontologies in Data Integration}},
volume = {13},
year = {2005}
}
@article{Rollett2007,
author = {Rollett, Herwig and Lux, Mathias and Strohmaier, Markus and D\"{o}singer, Gisela and Tochtermann, Klaus},
file = {:F\:/Dropbox/Mendeley/Rollett et al/International Journal of Learning Technology/Rollett et al. - 2007 - The Web 2.0 way of learning with technologies.pdf:pdf},
journal = {International Journal of Learning Technology},
number = {1},
pages = {87--107},
title = {{The Web 2.0 way of learning with technologies}},
url = {http://inderscience.metapress.com/index/FX5FUW48R3X8JCC7.pdf},
volume = {3},
year = {2007}
}
@misc{Brickley2010,
author = {Brickley, Dan and Miller, Libby},
howpublished = {\url{http://xmlns.com/foaf/spec/}, Zugriff: 2013-09-13},
title = {{FOAF Vocabulary Specification 0.98}},
year = {2010}
}
@article{Bohl2002,
author = {Bohl, Oliver and Scheuhase, Dr. J\"{o}rg and Sengler, Ruth and Winand, Prof. Dr. Udo},
file = {:F\:/Dropbox/Mendeley/Bohl et al/Proceedings of the International Conference on Computers in Education/Bohl et al. - 2002 - The sharable content object reference model (SCORM)-a critical review.pdf:pdf},
isbn = {0769515096},
journal = {Proceedings of the International Conference on Computers in Education},
pages = {17--18},
title = {{The sharable content object reference model (SCORM)-a critical review}},
year = {2002}
}
@article{Harth2004a,
annote = {Beschreibung wie eine Applikation zum Verlinken verschiedener Social Networks aussehen k\"{o}nnte. Inkl. Data Warehousing},
author = {Harth, Andreas and Breslin, John G. and O'Murchu, Ina and Decker, Stefan},
file = {:F\:/Dropbox/Mendeley/Harth et al/The Semantic Web Research and Applications/Harth et al. - 2004 - Linking Semantically Enabled Online Community Sites.pdf:pdf},
journal = {The Semantic Web: Research and Applications},
pages = {71--83},
title = {{Linking Semantically Enabled Online Community Sites}},
year = {2004}
}
@article{Bizer2008,
address = {New York, New York, USA},
author = {Bizer, Christian and Heath, Tom and Idehen, Kingsley and Berners-Lee, Tim},
doi = {10.1145/1367497.1367760},
file = {:F\:/Dropbox/Mendeley/Bizer et al/Proceeding of the 17th international conference on World Wide Web - WWW '08/Bizer et al. - 2008 - Linked data on the web (LDOW2008).pdf:pdf},
isbn = {9781605580852},
journal = {Proceeding of the 17th international conference on World Wide Web - WWW '08},
keywords = {Experimentation,Languages,Linked Data,RDF,Semantic Web,Standardization,Verification.,Web of Data},
mendeley-tags = {Experimentation,Languages,Standardization,Verification.},
pages = {1265--1266},
publisher = {ACM Press},
title = {{Linked data on the web (LDOW2008)}},
url = {http://portal.acm.org/citation.cfm?doid=1367497.1367760},
year = {2008}
}
@phdthesis{Shakya2009,
author = {Shakya, Aman},
file = {:C\:/Users/Florian/AppData/Local/Mendeley Ltd./Mendeley Desktop/Downloaded/Shakya - 2009 - Creating and Sharing Structured Semantic Web Contents through the Social Web.pdf:pdf},
number = {September},
pages = {204},
school = {The Graduate University for Advanced Studies (SOKENDAI)},
title = {{Creating and Sharing Structured Semantic Web Contents through the Social Web}},
url = {http://www.nii.jp/graduate/thesis/pdf/200909/Aman_Dr.thesis.pdf},
volume = {2009},
year = {2009}
}
@misc{wsdl2001,
author = {Christensen, Erik and Curbera, Francisco and Meredith, Greg and Weerawarana, Sanjiva},
howpublished = {\url{http://www.w3.org/TR/wsdl}, Zugriff: 2013-09-09},
title = {{Web Services Description Language (WSDL)}},
year = {2001}
}
@misc{Klyne2004,
author = {Klyne, Graham and Carrol, Jermey J.},
howpublished = {\url{http://www.w3.org/TR/rdf-concepts/}, Zugriff: 2013-08-19},
title = {{Resource Description Framework (RDF): Concepts and Abstract Syntax}},
year = {2004}
}
@book{Breslin2009,
address = {Berlin, Heidelberg},
author = {Breslin, John G. and Passant, Alexandre and Decker, Stefan},
doi = {10.1007/978-3-642-01172-6},
file = {:F\:/Dropbox/Mendeley/Breslin, Passant, Decker/Unknown/Breslin, Passant, Decker - 2009 - The Social Semantic Web(2).pdf:pdf},
isbn = {978-3-642-01171-9},
pages = {197----250},
publisher = {Springer},
title = {{The Social Semantic Web}},
url = {http://www.springerlink.com/index/10.1007/978-3-642-01172-6},
year = {2009}
}
@misc{GooglePlusApi,
author = {Google},
howpublished = {\url{https://developers.google.com/+/api/}, Zugriff: 2013-09-22},
title = {{Google+ API}}
}
