@misc{online:reclaim_2013,
    author = { Schwenzel, Felix and Lobo, Sascha},
    title = {RECLAIM SOCIAL},
    howpublished = {http://reclaim.fm/},
    note = {{Letzter Zugriff: 14. August 2014}}
}

@misc{online:sioc_2013,
    author = { { Digital Enterprise Research Institute}},
    title = {SIOC - Semantically-Interlinked Online Communities},
    howpublished = {http://sioc-project.org/},
    note = {{Letzter Zugriff: 15. August 2014}}
}