@book{Breslin2009,
address = {Berlin, Heidelberg},
author = {Breslin, John G. and Passant, Alexandre and Decker, Stefan},
doi = {10.1007/978-3-642-01172-6},
isbn = {978-3-642-01171-9},
publisher = {Springer},
title = {{The Social Semantic Web}},
url = {http://www.springerlink.com/index/10.1007/978-3-642-01172-6},
year = {2009}
}
